@incollection{feynman2018simulating,
  title={Simulating physics with computers},
  author={Feynman, Richard P},
  booktitle={Feynman and computation},
  pages={133--153},
  year={2018},
  publisher={CRC Press}
}

@article{landauer1961irreversibility,
  title={Irreversibility and heat generation in the computing process},
  author={Landauer, Rolf},
  journal={IBM journal of research and development},
  volume={5},
  number={3},
  pages={183--191},
  year={1961},
  publisher={Ibm}
}

@inproceedings{grover1996fast,
  title={A fast quantum mechanical algorithm for database search},
  author={Grover, Lov K},
  booktitle={Proceedings of the twenty-eighth annual ACM symposium on Theory of computing},
  pages={212--219},
  year={1996}
}

@article{lloyd1996universal,
  title={Universal quantum simulators},
  author={Lloyd, Seth},
  journal={Science},
  pages={1073--1078},
  year={1996},
  publisher={JSTOR}
}

@article{low2019hamiltonian,
  title={Hamiltonian simulation by qubitization},
  author={Low, Guang Hao and Chuang, Isaac L},
  journal={Quantum},
  volume={3},
  pages={163},
  year={2019},
  publisher={Verein zur F{\"o}rderung des Open Access Publizierens in den Quantenwissenschaften}
}

@article{abrams1999quantum,
  title={Quantum algorithm providing exponential speed increase for finding eigenvalues and eigenvectors},
  author={Abrams, Daniel S and Lloyd, Seth},
  journal={Physical Review Letters},
  volume={83},
  number={24},
  pages={5162},
  year={1999},
  publisher={APS}
}

@article{harrow2009quantum,
  title={Quantum algorithm for linear systems of equations},
  author={Harrow, Aram W and Hassidim, Avinatan and Lloyd, Seth},
  journal={Physical review letters},
  volume={103},
  number={15},
  pages={150502},
  year={2009},
  publisher={APS}
}

@article{bhaumik2019vague,
  title={A vague set approach for identifying shot transition in videos using multiple feature amalgamation},
  author={Bhaumik, Hrishikesh and Bhattacharyya, Siddhartha and Chakraborty, Susanta},
  journal={Applied Soft Computing},
  volume={75},
  pages={633--651},
  year={2019},
  publisher={Elsevier}
}

@inproceedings{shor1994algorithms,
  title={Algorithms for quantum computation: discrete logarithms and factoring},
  author={Shor, Peter W},
  booktitle={Proceedings 35th annual symposium on foundations of computer science},
  pages={124--134},
  year={1994},
  organization={Ieee}
}