@misc{nielsen2002quantum,
  title={Quantum computation and quantum information},
  author={Nielsen, Michael A and Chuang, Isaac},
  year={2002},
  publisher={American Association of Physics Teachers}
}
@article{article,
author = {Rhodes, William and Boughanmi, Abdellatif and Moreno, Yezid},
year = {2016},
month = {01},
pages = {012011},
title = {Coherence modulation at the photon-counting level: A new scheme for secure communication},
volume = {672},
journal = {Journal of Physics: Conference Series},
doi = {10.1088/1742-6596/672/1/012011}
}