@article{1,
  title     = {An exact quantum polynomial-time algorithm for Simonâ€™s problem},
  url       = {http://dx.doi.org/10.1109/ISTCS.1997.595153},
  doi       = {10.1109/istcs.1997.595153},
  journal   = {Proceedings of the Fifth Israeli Symposium on Theory of Computing and Systems},
  publisher = {IEEE Comput. Soc},
  author    = {Brassard, G. and Hoyer, P.},
  year      = 1997
}