@book{nielsen00,
  added-at = {2010-06-22T17:54:31.000+0200},
  author = {Nielsen, Michael A. and Chuang, Isaac L.},
  biburl = {https://www.bibsonomy.org/bibtex/222bf6f3de23faf420214d738924ac21b/mcclung},
  interhash = {140ce4be72c2994b45286dbaa98d0bd3},
  intrahash = {22bf6f3de23faf420214d738924ac21b},
  keywords = {computing information quantum},
  publisher = {Cambridge University Press},
  timestamp = {2010-06-22T17:54:31.000+0200},
  title = {Quantum Computation and Quantum Information},
  year = 2000
}
@misc{https://doi.org/10.48550/arxiv.quant-ph/9605043,
  doi = {10.48550/ARXIV.QUANT-PH/9605043},
  
  url = {https://arxiv.org/abs/quant-ph/9605043},
  
  author = {Grover, Lov K.},
  
  keywords = {Quantum Physics (quant-ph), FOS: Physical sciences, FOS: Physical sciences},
  
  title = {A fast quantum mechanical algorithm for database search},
  
  publisher = {arXiv},
  
  year = {1996},
  
  copyright = {Assumed arXiv.org perpetual, non-exclusive license to distribute this article for submissions made before January 2004}
}
