@book{nielsen00,
  added-at = {2010-06-22T17:54:31.000+0200},
  author = {Nielsen, Michael A. and Chuang, Isaac L.},
  biburl = {https://www.bibsonomy.org/bibtex/222bf6f3de23faf420214d738924ac21b/mcclung},
  interhash = {140ce4be72c2994b45286dbaa98d0bd3},
  intrahash = {22bf6f3de23faf420214d738924ac21b},
  keywords = {computing information quantum},
  publisher = {Cambridge University Press},
  timestamp = {2010-06-22T17:54:31.000+0200},
  title = {Quantum Computation and Quantum Information},
  year = 2000
}
@misc{https://doi.org/10.48550/arxiv.1712.03193,
  doi = {10.48550/ARXIV.1712.03193},
  
  url = {https://arxiv.org/abs/1712.03193},
  
  author = {Ge, Yimin and Tura, Jordi and Cirac, J. Ignacio},
  
  keywords = {Quantum Physics (quant-ph), FOS: Physical sciences, FOS: Physical sciences},
  
  title = {Faster ground state preparation and high-precision ground energy estimation with fewer qubits},
  
  publisher = {arXiv},
  
  year = {2017},
  
  copyright = {arXiv.org perpetual, non-exclusive license}
}
@article{Lin2020nearoptimalground,
  doi = {10.22331/q-2020-12-14-372},
  url = {https://doi.org/10.22331/q-2020-12-14-372},
  title = {Near-optimal ground state preparation},
  author = {Lin, Lin and Tong, Yu},
  journal = {{Quantum}},
  issn = {2521-327X},
  publisher = {{Verein zur F{\"{o}}rderung des Open Access Publizierens in den Quantenwissenschaften}},
  volume = {4},
  pages = {372},
  month = dec,
  year = {2020}
}
@misc{https://doi.org/10.48550/arxiv.2112.12746,
  doi = {10.48550/ARXIV.2112.12746},
  
  url = {https://arxiv.org/abs/2112.12746},
  
  author = {Apers, Simon and Chakraborty, Shantanav and Novo, Leonardo and Roland, Jérémie},
  
  keywords = {Quantum Physics (quant-ph), Data Structures and Algorithms (cs.DS), FOS: Physical sciences, FOS: Physical sciences, FOS: Computer and information sciences, FOS: Computer and information sciences},
  
  title = {Quadratic speedup for spatial search by continuous-time quantum walk},
  
  publisher = {arXiv},
  
  year = {2021},
  
  copyright = {Creative Commons Attribution 4.0 International}
}